@article{harvey1990forecasting,
  title={Forecasting, Structural Time Series Models and the {K}alman Filter},
  author={Harvey, Andrew C and others},
  journal={Cambridge Books},
  year={1990},
  publisher={Cambridge University Press}
}

@article{ortega2018graph,
  title={Graph signal processing: Overview, challenges, and applications},
  author={Ortega, Antonio and Frossard, Pascal and Kova{\v{c}}evi{\'c}, Jelena and Moura, Jos{\'e} MF and Vandergheynst, Pierre},
  journal={Proceedings of the IEEE},
  volume={106},
  number={5},
  pages={808--828},
  year={2018},
  publisher={IEEE}
}

@article{stankovic2020graph2,
  title={Data analytics on graphs Part III: Machine learning on graphs, from graph topology to applications},
  author={Stankovi{\'c}, Ljubi{\v{s}}a and Mandic, Danilo and Dakovi{\'c}, Milo{\v{s}} and Brajovi{\'c}, Milo{\v{s}} and Scalzo, Bruno and Li, Shengxi and Constantinides, Anthony G and others},
  journal={Foundations and Trends{\textregistered} in Machine Learning},
  volume={13},
  number={4},
  pages={332--530},
  year={2020},
  publisher={Now Publishers, Inc.}
}

@article{di2018adaptive,
  title={Adaptive graph signal processing: Algorithms and optimal sampling strategies},
  author={Di Lorenzo, Paolo and Banelli, Paolo and Isufi, Elvin and Barbarossa, Sergio and Leus, Geert},
  journal={IEEE Transactions on Signal Processing},
  volume={66},
  number={13},
  pages={3584--3598},
  year={2018},
  publisher={IEEE}
}

@article{isufi2019forecasting,
  title={Forecasting time series with {VARMA} recursions on graphs},
  author={Isufi, Elvin and Loukas, Andreas and Perraudin, Nathanael and Leus, Geert},
  journal={IEEE Transactions on Signal Processing},
  volume={67},
  number={18},
  pages={4870--4885},
  year={2019},
  publisher={IEEE}
}

@inproceedings{bruna2014spectral,
  title={Spectral networks and deep locally connected networks on graphs},
  author={Bruna, Joan and Zaremba, Wojciech and Szlam, Arthur and LeCun, Yann},
  booktitle={2nd International Conference on Learning Representations, ICLR 2014},
  year={2014}
}

@article{bronstein2017geometric,
  title={Geometric deep learning: going beyond {E}uclidean data},
  author={Bronstein, Michael M and Bruna, Joan and LeCun, Yann and Szlam, Arthur and Vandergheynst, Pierre},
  journal={IEEE Signal Processing Magazine},
  volume={34},
  number={4},
  pages={18--42},
  year={2017},
  publisher={IEEE}
}

@article{bolstad2011causal,
  title={Causal network inference via group sparse regularization},
  author={Bolstad, Andrew and Van Veen, Barry D and Nowak, Robert},
  journal={IEEE transactions on signal processing},
  volume={59},
  number={6},
  pages={2628--2641},
  year={2011},
  publisher={IEEE}
}

@article{mei2016signal,
  title={Signal processing on graphs: Causal modeling of unstructured data},
  author={Mei, Jonathan and Moura, Jos{\'e} MF},
  journal={IEEE Transactions on Signal Processing},
  volume={65},
  number={8},
  pages={2077--2092},
  year={2016},
  publisher={IEEE}
}

@article{variddhisai2020methods,
  title={Methods of Adaptive Signal Processing on Graphs Using Vertex-Time Autoregressive Models},
  author={Variddhisai, Thiernithi and Mandic, Danilo},
  journal={arXiv preprint arXiv:2003.05729},
  year={2020}
}

@inproceedings{kipf2018neural,
  title={Neural relational inference for interacting systems},
  author={Kipf, Thomas and Fetaya, Ethan and Wang, Kuan-Chieh and Welling, Max and Zemel, Richard},
  booktitle={International Conference on Machine Learning},
  pages={2688--2697},
  year={2018},
  organization={PMLR}
}

@inproceedings{wu2020connecting,
  title={Connecting the dots: Multivariate time series forecasting with graph neural networks},
  author={Wu, Zonghan and Pan, Shirui and Long, Guodong and Jiang, Jing and Chang, Xiaojun and Zhang, Chengqi},
  booktitle={Proceedings of the 26th ACM SIGKDD International Conference on Knowledge Discovery \& Data Mining},
  pages={753--763},
  year={2020}
}

@article{satorras2022multivariate,
  title={Multivariate Time Series Forecasting with Latent Graph Inference},
  author={Satorras, Victor Garcia and Rangapuram, Syama Sundar and Januschowski, Tim},
  journal={arXiv preprint arXiv:2203.03423},
  year={2022}
}

@inproceedings{wu2019graph,
  title={Graph wavenet for deep spatial-temporal graph modeling},
  author={Wu, Zonghan and Pan, Shirui and Long, Guodong and Jiang, Jing and Zhang, Chengqi},
  booktitle={Proceedings of the 28th International Joint Conference on Artificial Intelligence},
  pages={1907--1913},
  year={2019}
}

@inproceedings{shang2021discrete,
  title={Discrete Graph Structure Learning for Forecasting Multiple Time Series},
  author={Shang, Chao and Chen, Jie},
  booktitle={Proceedings of International Conference on Learning Representations},
  year={2021}
}

@inproceedings{kingma2014auto,
  title={Auto-encoding variational bayes},
  author={Kingma, Diederik P and Welling, Max},
  booktitle={Proceedings of International Conference on Learning Representations},
  year={2013}
}

@inproceedings{rezende2014stochastic,
  title={Stochastic backpropagation and approximate inference in deep generative models},
  author={Rezende, Danilo Jimenez and Mohamed, Shakir and Wierstra, Daan},
  booktitle={International conference on machine learning},
  pages={1278--1286},
  year={2014},
  organization={PMLR}
}

@inproceedings{franceschi2019learning,
  title={Learning discrete structures for graph neural networks},
  author={Franceschi, Luca and Niepert, Mathias and Pontil, Massimiliano and He, Xiao},
  booktitle={International conference on machine learning},
  pages={1972--1982},
  year={2019},
  organization={PMLR}
}

@inproceedings{deng2021graph,
  title={Graph neural network-based anomaly detection in multivariate time series},
  author={Deng, Ailin and Hooi, Bryan},
  booktitle={Proceedings of the AAAI Conference on Artificial Intelligence},
  volume={35},
  number={5},
  pages={4027--4035},
  year={2021}
}

@article{zugner2021study,
  title={A study of joint graph inference and forecasting},
  author={Z{\"u}gner, Daniel and Aubet, Fran{\c{c}}ois-Xavier and Satorras, Victor Garcia and Januschowski, Tim and G{\"u}nnemann, Stephan and Gasthaus, Jan},
  journal={arXiv preprint arXiv:2109.04979},
  year={2021}
}

@article{ha2021collective,
  title={Collective Intelligence for Deep Learning: A Survey of Recent Developments},
  author={Ha, David and Tang, Yujin},
  journal={arXiv preprint arXiv:2111.14377},
  year={2021}
}

@article{cao2020spectral,
  title={Spectral temporal graph neural network for multivariate time-series forecasting},
  author={Cao, Defu and Wang, Yujing and Duan, Juanyong and Zhang, Ce and Zhu, Xia and Huang, Congrui and Tong, Yunhai and Xu, Bixiong and Bai, Jing and Tong, Jie and others},
  journal={Advances in Neural Information Processing Systems},
  volume={33},
  pages={17766--17778},
  year={2020}
}

@article{paulus2020gradient,
  title={Gradient estimation with stochastic softmax tricks},
  author={Paulus, Max and Choi, Dami and Tarlow, Daniel and Krause, Andreas and Maddison, Chris J},
  journal={Advances in Neural Information Processing Systems},
  volume={33},
  pages={5691--5704},
  year={2020}
}

@phdthesis{rubinstein1969some,
  title={Some problems in {M}onte {C}arlo optimization},
  author={Rubinstein, Reuven Y},
  year={1969},
  school={University of Riga}
}

@article{williams1992simple,
  title={Simple statistical gradient-following algorithms for connectionist reinforcement learning},
  author={Williams, Ronald J},
  journal={Machine learning},
  volume={8},
  number={3},
  pages={229--256},
  year={1992},
  publisher={Springer}
}

@inproceedings{mnih2014neural,
  title={Neural variational inference and learning in belief networks},
  author={Mnih, Andriy and Gregor, Karol},
  booktitle={International Conference on Machine Learning},
  pages={1791--1799},
  year={2014},
  organization={PMLR}
}

@article{mohamed2020monte,
  title={Monte Carlo Gradient Estimation in Machine Learning.},
  author={Mohamed, Shakir and Rosca, Mihaela and Figurnov, Michael and Mnih, Andriy},
  journal={J. Mach. Learn. Res.},
  volume={21},
  number={132},
  pages={1--62},
  year={2020}
}

@article{graves2016adaptive,
  title={Adaptive computation time for recurrent neural networks},
  author={Graves, Alex},
  journal={arXiv preprint arXiv:1603.08983},
  year={2016}
}

@article{banino2021pondernet,
  title={Pondernet: Learning to ponder},
  author={Banino, Andrea and Balaguer, Jan and Blundell, Charles},
  journal={arXiv preprint arXiv:2107.05407},
  year={2021}
}

@inproceedings{scardapane2020differentiable,
  title={Differentiable branching in deep networks for fast inference},
  author={Scardapane, Simone and Comminiello, Danilo and Scarpiniti, Michele and Baccarelli, Enzo and Uncini, Aurelio},
  booktitle={ICASSP 2020-2020 IEEE International Conference on Acoustics, Speech and Signal Processing (ICASSP)},
  pages={4167--4171},
  year={2020},
  organization={IEEE}
}

@article{bacciu2020gentle,
  title={A gentle introduction to deep learning for graphs},
  author={Bacciu, Davide and Errica, Federico and Micheli, Alessio and Podda, Marco},
  journal={Neural Networks},
  volume={129},
  pages={203--221},
  year={2020},
  publisher={Elsevier}
}

@article{battaglia2018relational,
  title={Relational inductive biases, deep learning, and graph networks},
  author={Battaglia, Peter W and Hamrick, Jessica B and Bapst, Victor and Sanchez-Gonzalez, Alvaro and Zambaldi, Vinicius and Malinowski, Mateusz and Tacchetti, Andrea and Raposo, David and Santoro, Adam and Faulkner, Ryan and others},
  journal={arXiv preprint arXiv:1806.01261},
  year={2018}
}

@article{bronstein2021geometric,
  title={Geometric deep learning: Grids, groups, graphs, geodesics, and gauges},
  author={Bronstein, Michael M and Bruna, Joan and Cohen, Taco and Veli{\v{c}}kovi{\'c}, Petar},
  journal={arXiv preprint arXiv:2104.13478},
  year={2021}
}

@article{zaheer2017deep,
  title={Deep sets},
  author={Zaheer, Manzil and Kottur, Satwik and Ravanbakhsh, Siamak and Poczos, Barnabas and Salakhutdinov, Russ R and Smola, Alexander J},
  journal={Advances in neural information processing systems},
  volume={30},
  year={2017}
}

@article{bai2020adaptive,
  title={Adaptive graph convolutional recurrent network for traffic forecasting},
  author={Bai, Lei and Yao, Lina and Li, Can and Wang, Xianzhi and Wang, Can},
  journal={Advances in Neural Information Processing Systems},
  volume={33},
  pages={17804--17815},
  year={2020}
}

@inproceedings{zhang2018gaan,
  title={GaAN: Gated Attention Networks for Learning on Large and Spatiotemporal Graphs},
  author={Zhang, Jiani and Shi, Xingjian and Xie, Junyuan and Ma, Hao and King, Irwin and Yeung, Dit Yan},
  booktitle={34th Conference on Uncertainty in Artificial Intelligence 2018, UAI 2018},
  year={2018}
}

@inproceedings{
  oreshkin2020fcgaga,
  title={{FC-GAGA}: Fully Connected Gated Graph Architecture for Spatio-Temporal Traffic Forecasting},
  author={Boris N. Oreshkin and Arezou Amini and Lucy Coyle and Mark J. Coates},
  booktitle={AAAI},
  year={2021},
}

@article{bengio2013estimating,
  title={Estimating or propagating gradients through stochastic neurons for conditional computation},
  author={Bengio, Yoshua and L{\'e}onard, Nicholas and Courville, Aaron},
  journal={arXiv preprint arXiv:1308.3432},
  year={2013}
}

@inproceedings{maddison2017concrete,
  title={The concrete distribution: A continuous relaxation of discrete random variables},
  author={Maddison, C and Mnih, A and Teh, Y},
    booktitle={International Conference on Learning Representations},
  year={2017}
}


@article{jang2017categorical,
  title={Categorical Reparameterization with Gumbel-Softmax},
  author={Jang, Eric and Gu, Shixiang and Poole, Ben},
    booktitle={International Conference on Learning Representations},
  year={2017}
}

@inproceedings{cini2022filling,
  title={Filling the G\_ap\_s: Multivariate Time Series Imputation by Graph Neural Networks},
  author={Cini, Andrea and Marisca, Ivan and Alippi, Cesare},
  booktitle={International Conference on Learning Representations},
  year={2022}
}

@inproceedings{li2018diffusion,
  title={Diffusion Convolutional Recurrent Neural Network: Data-Driven Traffic Forecasting},
  author={Li, Yaguang and Yu, Rose and Shahabi, Cyrus and Liu, Yan},
  booktitle={International Conference on Learning Representations},
  year={2018}
}

@inproceedings{yu2018spatio,
  title={Spatio-temporal graph convolutional networks: a deep learning framework for traffic forecasting},
  author={Yu, Bing and Yin, Haoteng and Zhu, Zhanxing},
  booktitle={Proceedings of the 27th International Joint Conference on Artificial Intelligence},
  pages={3634--3640},
  year={2018}
}

@inproceedings{seo2018structured,
  title={Structured sequence modeling with graph convolutional recurrent networks},
  author={Seo, Youngjoo and Defferrard, Micha{\"e}l and Vandergheynst, Pierre and Bresson, Xavier},
  booktitle={International Conference on Neural Information Processing},
  pages={362--373},
  year={2018},
  organization={Springer}
}

@inproceedings{gilmer2017neural,
  title={Neural message passing for quantum chemistry},
  author={Gilmer, Justin and Schoenholz, Samuel S and Riley, Patrick F and Vinyals, Oriol and Dahl, George E},
  booktitle={International conference on machine learning},
  pages={1263--1272},
  year={2017},
  organization={PMLR}
}

@article{wu2021traversenet,
  title={TraverseNet: Unifying Space and Time in Message Passing for Traffic Forecasting},
  author={Wu, Zonghan and Zheng, Da and Pan, Shirui and Gan, Quan and Long, Guodong and Karypis, George},
  journal={IEEE Transactions on Neural Networks and Learning Systems},
  year={2022},
  publisher={IEEE}
}

@article{kipf2016variational,
  title={Variational graph auto-encoders},
  author={Kipf, Thomas N and Welling, Max},
  journal={arXiv preprint arXiv:1611.07308},
  year={2016}
}

@inproceedings{gao2021equivalence,
  title={On the Equivalence Between Temporal and Static Equivariant Graph Representations},
  author={Gao, Jianfei and Ribeiro, Bruno},
  booktitle={International Conference on Machine Learning},
  pages={7052--7076},
  year={2022},
  organization={PMLR}
}

@article{kazi2022differentiable,
  title={Differentiable graph module (dgm) for graph convolutional networks},
  author={Kazi, Anees and Cosmo, Luca and Ahmadi, Seyed-Ahmad and Navab, Nassir and Bronstein, Michael},
  journal={IEEE Transactions on Pattern Analysis and Machine Intelligence},
  year={2022},
  publisher={IEEE},
}

@inproceedings{xie2019reparameterizable,
  title={Reparameterizable subset sampling via continuous relaxations},
  author={Xie, Sang Michael and Ermon, Stefano},
  booktitle={Proceedings of the 28th International Joint Conference on Artificial Intelligence},
  pages={3919--3925},
  year={2019}
}

@article{schulman2015gradient,
  title={Gradient estimation using stochastic computation graphs},
  author={Schulman, John and Heess, Nicolas and Weber, Theophane and Abbeel, Pieter},
  journal={Advances in Neural Information Processing Systems},
  volume={28},
  year={2015}
}

@inproceedings{kool2019stochastic,
  title={Stochastic beams and where to find them: The gumbel-top-k trick for sampling sequences without replacement},
  author={Kool, Wouter and Van Hoof, Herke and Welling, Max},
  booktitle={International Conference on Machine Learning},
  pages={3499--3508},
  year={2019},
  organization={PMLR}
}

@inproceedings{
    kool2020estimating,
    title={Estimating Gradients for Discrete Random Variables by Sampling without Replacement},
    author={Wouter Kool and Herke van Hoof and Max Welling},
    booktitle={International Conference on Learning Representations},
    year={2020},
    url={https://openreview.net/forum?id=rklEj2EFvB}
}

@article{jing2020self,
  title={Self-supervised visual feature learning with deep neural networks: A survey},
  author={Jing, Longlong and Tian, Yingli},
  journal={IEEE transactions on pattern analysis and machine intelligence},
  volume={43},
  number={11},
  pages={4037--4058},
  year={2020},
  publisher={IEEE}
}

@article{rao2015collaborative,
  title={Collaborative filtering with graph information: Consistency and scalable methods},
  author={Rao, Nikhil and Yu, Hsiang-Fu and Ravikumar, Pradeep K and Dhillon, Inderjit S},
  journal={Advances in neural information processing systems},
  volume={28},
  year={2015}
}

@inproceedings{kipf2017semi,
  title={Semi-Supervised Classification with Graph Convolutional Networks},
  author={Kipf, Thomas N. and Welling, Max},
  booktitle={International Conference on Learning Representations (ICLR)},
  year={2017}
}

@article{scarselli2008graph,
  title={The graph neural network model},
  author={Scarselli, Franco and Gori, Marco and Tsoi, Ah Chung and Hagenbuchner, Markus and Monfardini, Gabriele},
  journal={IEEE transactions on neural networks},
  volume={20},
  number={1},
  pages={61--80},
  year={2008},
  publisher={IEEE}
}

@book{glasserman1991gradient,
  title={Gradient estimation via perturbation analysis},
  author={Glasserman, Paul and Ho, Yu-Chi},
  volume={116},
  year={1991},
  publisher={Springer Science \& Business Media}
}

@inproceedings{weber2019credit,
  title={Credit assignment techniques in stochastic computation graphs},
  author={Weber, Th{\'e}ophane and Heess, Nicolas and Buesing, Lars and Silver, David},
  booktitle={The 22nd International Conference on Artificial Intelligence and Statistics},
  pages={2650--2660},
  year={2019},
  organization={PMLR}
}

@inproceedings{krieken2021storchastic,
title={Storchastic: A Framework for General Stochastic Automatic Differentiation},
author={Emile van Krieken and Jakub Mikolaj Tomczak and Annette Ten Teije},
booktitle={Advances in Neural Information Processing Systems},
year={2021},
url={https://openreview.net/forum?id=KAFyFabsK88}
}


@incollection{paske2019pytorch,
title = {PyTorch: An Imperative Style, High-Performance Deep Learning Library},
author = {Paszke, Adam and Gross, Sam and Massa, Francisco and Lerer, Adam and Bradbury, James and Chanan, Gregory and Killeen, Trevor and Lin, Zeming and Gimelshein, Natalia and Antiga, Luca and Desmaison, Alban and Kopf, Andreas and Yang, Edward and DeVito, Zachary and Raison, Martin and Tejani, Alykhan and Chilamkurthy, Sasank and Steiner, Benoit and Fang, Lu and Bai, Junjie and Chintala, Soumith},
booktitle = {Advances in Neural Information Processing Systems 32},
year = {2019},
}

@article{dillon2017tensorflow,
  title={Tensorflow distributions},
  author={Dillon, Joshua V and Langmore, Ian and Tran, Dustin and Brevdo, Eugene and Vasudevan, Srinivas and Moore, Dave and Patton, Brian and Alemi, Alex and Hoffman, Matt and Saurous, Rif A},
  journal={arXiv preprint arXiv:1711.10604},
  year={2017}
}

@misc{abadi2015tensorflow,
title={ {TensorFlow}: Large-Scale Machine Learning on Heterogeneous Systems},
url={https://www.tensorflow.org/},
note={Software available from tensorflow.org},
author={
    Mart\'{i}n~Abadi and
    Ashish~Agarwal and
    Paul~Barham and
    Eugene~Brevdo and
    Zhifeng~Chen and
    Craig~Citro and
    Greg~S.~Corrado and
    Andy~Davis and
    Jeffrey~Dean and
    Matthieu~Devin and
    Sanjay~Ghemawat and
    Ian~Goodfellow and
    Andrew~Harp and
    Geoffrey~Irving and
    Michael~Isard and
    Yangqing Jia and
    Rafal~Jozefowicz and
    Lukasz~Kaiser and
    Manjunath~Kudlur and
    Josh~Levenberg and
    Dandelion~Man\'{e} and
    Rajat~Monga and
    Sherry~Moore and
    Derek~Murray and
    Chris~Olah and
    Mike~Schuster and
    Jonathon~Shlens and
    Benoit~Steiner and
    Ilya~Sutskever and
    Kunal~Talwar and
    Paul~Tucker and
    Vincent~Vanhoucke and
    Vijay~Vasudevan and
    Fernanda~Vi\'{e}gas and
    Oriol~Vinyals and
    Pete~Warden and
    Martin~Wattenberg and
    Martin~Wicke and
    Yuan~Yu and
    Xiaoqiang~Zheng},
  year={2015},
}

@article{bingham2019pyro,
  author    = {Eli Bingham and
               Jonathan P. Chen and
               Martin Jankowiak and
               Fritz Obermeyer and
               Neeraj Pradhan and
               Theofanis Karaletsos and
               Rohit Singh and
               Paul A. Szerlip and
               Paul Horsfall and
               Noah D. Goodman},
  title     = {Pyro: Deep Universal Probabilistic Programming},
  journal   = {J. Mach. Learn. Res.},
  volume    = {20},
  pages     = {28:1--28:6},
  year      = {2019},
  url       = {http://jmlr.org/papers/v20/18-403.html}
}


@misc{tfprobability,
	title = {{TensorFlow} {Probability}},
	copyright = {Apache-2.0},
	url = {https://github.com/tensorflow/probability},
	abstract = {Probabilistic reasoning and statistical analysis in TensorFlow},
	publisher = {tensorflow},
}

@inproceedings{foerster2018dice,
  title={Dice: The infinitely differentiable monte carlo estimator},
  author={Foerster, Jakob and Farquhar, Gregory and Al-Shedivat, Maruan and Rockt{\"a}schel, Tim and Xing, Eric and Whiteson, Shimon},
  booktitle={International Conference on Machine Learning},
  pages={1529--1538},
  year={2018},
  organization={PMLR}
}

@article{plackett1975analysis,
  title={The analysis of permutations},
  author={Plackett, Robin L},
  journal={Journal of the Royal Statistical Society: Series C (Applied Statistics)},
  volume={24},
  number={2},
  pages={193--202},
  year={1975},
  publisher={Wiley Online Library}
}

@misc{vieira2014gumbel,
    title = {Gumbel-max trick and weighted reservoir sampling},
    author = {Tim Vieira},
    url = {http://timvieira.github.io/blog/post/2014/08/01/gumbel-max-trick-and-weighted-reservoir-sampling/},
    year = {2014}
}

@article{efraimidis2006weighted,
  title={Weighted random sampling with a reservoir},
  author={Efraimidis, Pavlos S and Spirakis, Paul G},
  journal={Information processing letters},
  volume={97},
  number={5},
  pages={181--185},
  year={2006},
  publisher={Elsevier}
}

@misc{luce1959individual,
  title={Individual Choice Behavior},
  author={Luce, R Duncan},
  year={1959},
  publisher={John Wiley and Sons, Inc}
}

@article{huijben2022review,
  title={A Review of the Gumbel-max Trick and its Extensions for Discrete Stochasticity in Machine Learning},
  author={Huijben, Iris AM and Kool, Wouter and Paulus, Max Benedikt and Van Sloun, Ruud JG},
  journal={IEEE Transactions on Pattern Analysis and Machine Intelligence},
  year={2022},
  publisher={IEEE}
}

@article{zambon2022az,
  title={AZ-whiteness test: a test for uncorrelated noise on spatio-temporal graphs},
  author={Zambon, Daniele and Alippi, Cesare},
  journal={To appear in Advances in Neural Information Processing Systems},
  year={2022}
}

@inproceedings{frechet1948elements,
  title={Les {\'e}l{\'e}ments al{\'e}atoires de nature quelconque dans un espace distanci{\'e}},
  author={Fr{\'e}chet, Maurice},
  booktitle={Annales de l'institut Henri Poincar{\'e}},
  volume={10},
  number={4},
  pages={215--310},
  year={1948}
}

@inproceedings{zheng2015forecasting,
  title={Forecasting fine-grained air quality based on big data},
  author={Zheng, Yu and Yi, Xiuwen and Li, Ming and Li, Ruiyuan and Shan, Zhangqing and Chang, Eric and Li, Tianrui},
  booktitle={Proceedings of the 21th ACM SIGKDD international conference on knowledge discovery and data mining},
  pages={2267--2276},
  year={2015}
}

@inproceedings{yi2016st,
  title={ST-MVL: filling missing values in geo-sensory time series data},
  author={Yi, Xiuwen and Zheng, Yu and Zhang, Junbo and Li, Tianrui},
  booktitle={Proceedings of the 25th International Joint Conference on Artificial Intelligence},
  year={2016}
}

@article{chung2014empirical,
  title={Empirical evaluation of gated recurrent neural networks on sequence modeling},
  author={Chung, Junyoung and Gulcehre, Caglar and Cho, KyungHyun and Bengio, Yoshua},
  journal={arXiv preprint arXiv:1412.3555},
  year={2014}
}

@article{fey2019fast,
  title={Fast graph representation learning with PyTorch Geometric},
  author={Fey, Matthias and Lenssen, Jan Eric},
  journal={arXiv preprint arXiv:1903.02428},
  year={2019}
}

@software{Cini_Torch_Spatiotemporal_2022,
author = {Cini, Andrea and Marisca, Ivan},
license = {MIT},
month = {3},
title = {{Torch Spatiotemporal}},
url = {https://github.com/TorchSpatiotemporal/tsl},
year = {2022}
}

@software{Falcon_PyTorch_Lightning_2019,
author = {Falcon, William and {The PyTorch Lightning team}},
doi = {10.5281/zenodo.3828935},
license = {Apache-2.0},
month = {3},
title = {{PyTorch Lightning}},
url = {https://github.com/PyTorchLightning/pytorch-lightning},
version = {1.4},
year = {2019}
}

@article{harris2020array,
  title={Array programming with NumPy},
  author={Harris, Charles R and Millman, K Jarrod and Van Der Walt, St{\'e}fan J and Gommers, Ralf and Virtanen, Pauli and Cournapeau, David and Wieser, Eric and Taylor, Julian and Berg, Sebastian and Smith, Nathaniel J and others},
  journal={Nature},
  volume={585},
  number={7825},
  pages={357--362},
  year={2020},
  publisher={Nature Publishing Group}
}

@software{neptune2021neptune,
author = {{neptune.ai}},
title = {Neptune: Metadata store for MLOps, built for research and production teams that run a lot of experiments},
url = {https://neptune.ai},
year = {2021},}

@article{jagadish2014big,
  title={Big data and its technical challenges},
  author={Jagadish, Hosagrahar V and Gehrke, Johannes and Labrinidis, Alexandros and Papakonstantinou, Yannis and Patel, Jignesh M and Ramakrishnan, Raghu and Shahabi, Cyrus},
  journal={Communications of the ACM},
  volume={57},
  number={7},
  pages={86--94},
  year={2014},
  publisher={ACM New York, NY, USA}
}

@article{ramachandran2017searching,
  title={Searching for activation functions},
  author={Ramachandran, Prajit and Zoph, Barret and Le, Quoc V},
  journal={arXiv preprint arXiv:1710.05941},
  year={2017}
}

@article{jain2016statistical,
  author={Jain, Brijnesh J},
  journal={Pattern Recognition},
  pages={802--812},
  publisher={Elsevier},
  title={Statistical graph space analysis},
  volume={60},
  year={2016},
}

@article{marisca2022learning,
  title={Learning to reconstruct missing data from spatiotemporal graphs with sparse observations},
  author={Marisca, Ivan and Cini, Andrea and Alippi, Cesare},
  journal={Advances in Neural Information Processing Systems},
  volume={35},
  pages={32069--32082},
  year={2022}
}

@inproceedings{velivckovic2018graph,
  title={Graph Attention Networks},
  author={Veli{\v{c}}kovi{\'c}, Petar and Cucurull, Guillem and Casanova, Arantxa and Romero, Adriana and Li{\`o}, Pietro and Bengio, Yoshua},
  booktitle={International Conference on Learning Representations},
  year={2018}
}

@inproceedings{zhang2022graph,
Title = {Graph-Guided Network For Irregularly Sampled Multivariate Time Series},
author = {Zhang, Xiang and Zeman, Marko and Tsiligkaridis, Theodoros and Zitnik, Marinka},
booktitle = {International Conference on Learning Representations, ICLR},
year      = {2022}
}

@article{rampavsek2022recipe,
  title={Recipe for a General, Powerful, Scalable Graph Transformer},
  author={Ramp{\'a}{\v{s}}ek, Ladislav and Galkin, Mikhail and Dwivedi, Vijay Prakash and Luu, Anh Tuan and Wolf, Guy and Beaini, Dominique},
  journal={arXiv preprint arXiv:2205.12454},
  year={2022}
}

@article{sutton1999policy,
  title={Policy Gradient methods for Reinforcement Learning with Function Approximation},
  author={Sutton, Richard S and McAllester, David and Singh, Satinder and Mansour, Yishay},
  journal={Advances in Neural Information Processing Systems},
  volume={12},
  year={1999}
}

@inproceedings{mnih2016asynchronous,
  title={Asynchronous Methods for Deep Reinforcement Rearning},
  author={Mnih, Volodymyr and Badia, Adria Puigdomenech and Mirza, Mehdi and Graves, Alex and Lillicrap, Timothy and Harley, Tim and Silver, David and Kavukcuoglu, Koray},
  booktitle={International Conference on Machine Learning},
  pages={1928--1937},
  year={2016},
  organization={PMLR}
}

@article{l1995note,
  title={Note: On the interchange of derivative and expectation for likelihood ratio derivative estimators},
  author={L'Ecuyer, Pierre},
  journal={Management Science},
  volume={41},
  number={4},
  pages={738--747},
  year={1995},
  publisher={INFORMS}
}

@inproceedings{schlichtkrull2018modeling,
  title={Modeling relational data with graph convolutional networks},
  author={Schlichtkrull, Michael and Kipf, Thomas N and Bloem, Peter and Berg, Rianne van den and Titov, Ivan and Welling, Max},
  booktitle={European semantic web conference},
  pages={593--607},
  year={2018},
  organization={Springer}
}

@article{correia2020efficient,
  title={Efficient marginalization of discrete and structured latent variables via sparsity},
  author={Correia, Gon{\c{c}}alo and Niculae, Vlad and Aziz, Wilker and Martins, Andr{\'e}},
  journal={Advances in Neural Information Processing Systems},
  volume={33},
  pages={11789--11802},
  year={2020}
}

@article{niepert2021implicit,
  title={Implicit MLE: backpropagating through discrete exponential family distributions},
  author={Niepert, Mathias and Minervini, Pasquale and Franceschi, Luca},
  journal={Advances in Neural Information Processing Systems},
  volume={34},
  pages={14567--14579},
  year={2021}
}

@article{niculae2023discrete,
  title={Discrete latent structure in neural networks},
  author={Niculae, Vlad and Corro, Caio F and Nangia, Nikita and Mihaylova, Tsvetomila and Martins, Andr{\'e} FT},
  journal={arXiv preprint arXiv:2301.07473},
  year={2023}
}

@inproceedings{minervini2023adaptive,
  title={Adaptive perturbation-based gradient estimation for discrete latent variable models},
  author={Minervini, Pasquale and Franceschi, Luca and Niepert, Mathias},
  booktitle={Proceedings of the AAAI Conference on Artificial Intelligence},
  volume={37},
  number={8},
  pages={9200--9208},
  year={2023}
}

@article{tucker2017rebar,
  title={Rebar: Low-variance, unbiased gradient estimates for discrete latent variable models},
  author={Tucker, George and Mnih, Andriy and Maddison, Chris J and Lawson, John and Sohl-Dickstein, Jascha},
  journal={Advances in Neural Information Processing Systems},
  volume={30},
  year={2017}
}

@inproceedings{grathwohl2018backpropagation,
  title={Backpropagation through the Void: Optimizing control variates for black-box gradient estimation},
  author={Grathwohl, Will and Choi, Dami and Wu, Yuhuai and Roeder, Geoff and Duvenaud, David},
  booktitle={International Conference on Learning Representations},
  year={2018}
}

@inproceedings{rennie2017self,
  title={Self-critical sequence training for image captioning},
  author={Rennie, Steven J and Marcheret, Etienne and Mroueh, Youssef and Ross, Jerret and Goel, Vaibhava},
  booktitle={Proceedings of the IEEE conference on computer vision and pattern recognition},
  pages={7008--7024},
  year={2017}
}

@article{vaswani2017attention,
  title={Attention is all you need},
  author={Vaswani, Ashish and Shazeer, Noam and Parmar, Niki and Uszkoreit, Jakob and Jones, Llion and Gomez, Aidan N and Kaiser, {\L}ukasz and Polosukhin, Illia},
  journal={Advances in neural information processing systems},
  volume={30},
  year={2017}
}